
@inproceedings{Akkiraju1995,
  title = {Alpha Shapes: Definition and Software},
  author = {Akkiraju, Nataraj and Edelsbrunner, Herbert and Facello, Michael and Fu, Ping and Mücke, Ernst P. and Varela, Carlos},
  date = {1995},
  url = {https://research-explorer.app.ist.ac.at/record/3552},
  langid = {english}
}

@article{Arendt2019,
  title = {Jaccard {{Filtration}} and {{Stable Paths}} in the {{Mapper}}},
  author = {Arendt, Dustin L. and Broussard, Matthew and Krishnamoorthy, Bala and Saul, Nathaniel},
  date = {2019-06},
  url = {http://arxiv.org/abs/1906.08256}
}

@article{Arya2021,
  title = {Dimensionality Reduction for K-Distance Applied to Persistent Homology},
  author = {Arya, Shreya and Boissonnat, Jean-Daniel and Dutta, Kunal and Lotz, Martin},
  date = {2021-12-01},
  journaltitle = {J Appl. and Comput. Topology},
  volume = {5},
  number = {4},
  pages = {671--691},
  issn = {2367-1734},
  doi = {10.1007/s41468-021-00079-x},
  langid = {english}
}

@article{Assel2017,
  title = {The {{Brier}} Score Does Not Evaluate the Clinical Utility of Diagnostic Tests or Prediction Models},
  author = {Assel, Melissa and Sjoberg, Daniel D. and Vickers, Andrew J.},
  date = {2017-12},
  journaltitle = {Diagnostic and Prognostic Research},
  volume = {1},
  number = {1},
  pages = {19--19},
  doi = {10.1186/s41512-017-0020-3},
  keywords = {Biomedicine,general,Health Sciences,Medicine,Medicine/Public Health,Statistics for Life Sciences}
}

@article{Aziz2017,
  title = {Dimension Reduction Methods for Microarray Data: A Review},
  author = {Aziz, Rabia and Verma, C. K. and Srivastava, Namita and Aziz, Rabia and Verma, C. K. and Srivastava, Namita},
  date = {2017},
  journaltitle = {AIMSBOA},
  volume = {4},
  number = {1},
  pages = {179--197},
  issn = {2375-1495},
  doi = {10.3934/bioeng.2017.1.179},
  langid = {english},
  annotation = {Cc\_license\_type: cc\_by Primary\_atype: AIMS Bioengineering Subject\_term: Review Subject\_term\_id: Review}
}

@article{Becht2019,
  title = {Dimensionality Reduction for Visualizing Single-Cell Data Using {{UMAP}}},
  author = {Becht, Etienne and McInnes, Leland and Healy, John and Dutertre, Charles-Antoine and Kwok, Immanuel W H and Ng, Lai Guan and Ginhoux, Florent and Newell, Evan W},
  date = {2019-01},
  journaltitle = {Nat Biotechnol},
  volume = {37},
  number = {1},
  pages = {38--44},
  issn = {1087-0156, 1546-1696},
  doi = {10.1038/nbt.4314},
  langid = {english}
}

@article{Bouguessa2006,
  title = {An Objective Approach to Cluster Validation},
  author = {Bouguessa, Mohamed and Wang, Shengrui and Sun, Haojun},
  date = {2006},
  journaltitle = {Pattern Recognition Letters},
  volume = {27},
  number = {13},
  pages = {1419--1430},
  issn = {0167-8655},
  doi = {10.1016/j.patrec.2006.01.015}
}

@software{Brunson2021,
  title = {{{landmark}}: Procedures to Generate Landmark Sets from Finite Metric Spaces},
  author = {Brunson, Jason Cory and Skaf, Yara},
  date = {2021},
  url = {https://github.com/corybrunson/landmark},
  version = {0.0.0.9000}
}

@article{Bubenik2015,
  title = {Statistical {{Topological Data Analysis}} Using {{Persistence Landscapes}}},
  author = {Bubenik, Peter},
  date = {2015},
  journaltitle = {Journal of Machine Learning Research},
  volume = {16},
  number = {3},
  pages = {77--102},
  issn = {1533-7928},
  url = {http://jmlr.org/papers/v16/bubenik15a.html}
}

@article{ByczkowskaLipinska2017,
  title = {Redukcja Strumienia Danych Pozyskiwanych z Urządzeń Diagnostyki Medycznej Za Pomocą Technik Selekcji Przypadków},
  author = {Byczkowska-Lipińska, Liliana and Wosiak, Agnieszka},
  date = {2017},
  journaltitle = {Przegląd Elektrotechniczny},
  volume = {93},
  number = {12},
  pages = {115--118},
  doi = {10.15199/48.2017.12.29}
}

@article{Carlsson2009,
  title = {Topology and Data},
  author = {Carlsson, Gunnar},
  date = {2009-01},
  journaltitle = {Bulletin of the American Mathematical Society},
  volume = {46},
  number = {2},
  pages = {255--308},
  doi = {10.1090/S0273-0979-09-01249-X}
}

@misc{Carriere2017,
  title = {Statistical {{Analysis}} and {{Parameter Selection}} for {{Mapper}}},
  author = {Carrière, Mathieu and Michel, Bertrand and Oudot, Steve},
  date = {2017-11-09},
  publisher = {{arXiv}},
  doi = {10.48550/arXiv.1706.00204},
  keywords = {Computer Science - Computational Geometry,Mathematics - Algebraic Topology}
}

@misc{Carriere2017a,
  title = {Structure and {{Stability}} of the 1-{{Dimensional Mapper}}},
  author = {Carrière, Mathieu and Oudot, Steve},
  date = {2017-11-09},
  publisher = {{arXiv}},
  doi = {10.48550/arXiv.1511.05823}
}

@article{Carriere2018,
  title = {Structure and {{Stability}} of the {{One-Dimensional Mapper}}},
  author = {Carrière, Mathieu and Oudot, Steve},
  date = {2018},
  journaltitle = {Foundations of Computational Mathematics},
  volume = {18},
  pages = {1333--1396},
  doi = {10.1007/s10208-017-9370-z},
  langid = {english}
}

@article{Cawley2010,
  title = {On {{Over-fitting}} in {{Model Selection}} and {{Subsequent Selection Bias}} in {{Performance Evaluation}}},
  author = {Cawley, Gavin C. and Talbot, Nicola L. C.},
  date = {2010},
  journaltitle = {JMLR},
  volume = {11},
  number = {70},
  pages = {2079−2107},
  url = {https://jmlr.csail.mit.edu/papers/v11/cawley10a.html}
}

@article{Dagliati2020,
  title = {Using {{Topological Data Analysis}} and {{Pseudo Time Series}} to {{Infer Temporal Phenotypes}} from {{Electronic Health Records}}},
  author = {Dagliati, Arianna and Geifman, Nophar and Peek, Niels and Holmes, John H. and Sacchi, Lucia and Bellazzi, Riccardo and Sajjadi, Seyed Erfan and Tucker, Allan},
  date = {2020-07},
  journaltitle = {Artificial Intelligence in Medicine},
  pages = {101930},
  issn = {09333657},
  doi = {10.1016/j.artmed.2020.101930},
  langid = {english}
}

@unpublished{Dai2020,
  title = {Patient Similarity: Methods and Applications},
  author = {Dai, Leyu and Zhu, He and Liu, Dianbo},
  date = {2020-12-01},
  eprint = {2012.01976},
  eprinttype = {arxiv},
  primaryclass = {cs},
  url = {http://arxiv.org/abs/2012.01976},
  archiveprefix = {arXiv},
  keywords = {Computer Science - Machine Learning}
}

@article{Dave1996,
  title = {Validating Fuzzy Partitions Obtained through C-Shells Clustering},
  author = {Dave, Rajesh N.},
  date = {1996-05},
  journaltitle = {Pattern Recognition Letters},
  volume = {17},
  number = {6},
  pages = {613--623},
  issn = {01678655},
  doi = {10.1016/0167-8655(96)00026-8},
  langid = {english}
}

@software{Demkowicz2020,
  title = {{{tdaunif}}: {{Uniform}} Manifold Samplers for Topological Data Analysis},
  author = {Demkowicz, Brandon and Choudhary, Sanmati and Brunson, Jason Cory},
  date = {2020},
  url = {https://github.com/corybrunson/tdaunif/}
}

@inproceedings{deSilva2004,
  title = {Topological Estimation Using Witness Complexes},
  booktitle = {{{SPBG}}'04 {{Symposium}} on {{Point-Based Graphics}} 2004},
  author = {de Silva, Vin and Carlsson, Gunnar},
  editor = {Gross, Markus and Pfister, Hanspeter and Alexa, Marc and Rusinkiewicz, Szymon},
  options = {useprefix=true},
  date = {2004},
  pages = {157--166},
  publisher = {{The Eurographics Association}},
  url = {http://diglib.eg.org/handle/10.2312/SPBG.SPBG04.157-166},
  isbn = {3-905673-09-6}
}

@inproceedings{Dey2014a,
  title = {Computing Topological Persistence for Simplicial Maps},
  booktitle = {Proceedings of the {{Annual Symposium}} on {{Computational Geometry}}},
  author = {Dey, Tamal K. and Fan, Fengtao and Wang, Yusu},
  date = {2014-08},
  pages = {345--354},
  publisher = {{Association for Computing Machinery}},
  location = {{New York, New York, USA}},
  doi = {10.1145/2582112.2582165},
  isbn = {978-1-4503-2594-3},
  keywords = {Cohomology,Homology,Simplicial maps,Topological data analysis,Topological persistence}
}

@incollection{Dey2015,
  title = {Multiscale {{Mapper}}: {{Topological Summarization}} via {{Codomain Covers}}},
  booktitle = {Proceedings of the 2016 {{Annual ACM-SIAM Symposium}} on {{Discrete Algorithms}} ({{SODA}})},
  author = {Dey, Tamal K. and Mémoli, Facundo and Wang, Yusu},
  date = {2015-12-21},
  series = {Proceedings},
  pages = {997--1013},
  publisher = {{Society for Industrial and Applied Mathematics}},
  doi = {10.1137/1.9781611974331.ch71}
}

@inproceedings{Dey2016,
  title = {Multiscale Mapper: Topological Summarization via Codomain Covers},
  booktitle = {{{SODA}} '16: {{Proceedings}} of the Twenty-Seventh Annual {{ACM-SIAM}} Symposium on {{Discrete}} Algorithms},
  author = {Dey, Tamal K. and Mémoli, Facundo and Wang, Yusu},
  editor = {Krauthgamer, Robert},
  date = {2016},
  pages = {997--1013},
  url = {http://dl.acm.org/citation.cfm?id=2884506}
}

@misc{Dey2017,
  title = {Topological {{Analysis}} of {{Nerves}}, {{Reeb Spaces}}, {{Mappers}}, and {{Multiscale Mappers}}},
  author = {Dey, Tamal K. and Mémoli, Facundo and Wang, Yusu},
  date = {2017-03-21},
  publisher = {{arXiv}},
  doi = {10.48550/arXiv.1703.07387},
  keywords = {Computer Science - Computational Geometry,Mathematics - Algebraic Topology}
}

@incollection{Diaconis2013,
  title = {Sampling from a {{Manifold}}},
  booktitle = {Advances in {{Modern Statistical Theory}} and {{Applications}}: {{A Festschrift}} in Honor of {{Morris L}}. {{Eaton}}},
  author = {Diaconis, Persi and Holmes, Susan and Shahshahani, Mehrdad},
  date = {2013},
  series = {Institute of {{Mathematical Statistics Collections}}},
  volume = {10},
  pages = {102--125},
  publisher = {{Institute of Mathematical Statistics}},
  url = {http://projecteuclid.org/euclid.imsc/1379942050},
  isbn = {978-0-940600-84-3}
}

@article{Dlotko2019,
  title = {Ball Mapper: A Shape Summary for Topological Data Analysis},
  author = {Dłotko, Paweł},
  date = {2019-01},
  url = {http://arxiv.org/abs/1901.07410}
}

@article{Eddelbuettel2011,
  title = {Rcpp: {{Seamless R}} and {{C}}++ {{Integration}}},
  author = {Eddelbuettel, Dirk and Francois, Romain},
  date = {2011},
  journaltitle = {Journal of Statistical Software},
  volume = {40},
  number = {8},
  pages = {1--18},
  doi = {10.18637/jss.v040.i08}
}

@article{Falasconi2010,
  title = {A Stability Based Validity Method for Fuzzy Clustering},
  author = {Falasconi, M. and Gutierrez, A. and Pardo, M. and Sberveglieri, G. and Marco, S.},
  date = {2010},
  journaltitle = {Pattern Recognition},
  volume = {43},
  number = {4},
  pages = {1292--1305},
  issn = {0031-3203},
  doi = {10.1016/j.patcog.2009.10.001}
}

@article{Gamble2010,
  title = {Exploring Uses of Persistent Homology for Statistical Analysis of Landmark-Based Shape Data},
  author = {Gamble, Jennifer and Heo, Giseon},
  date = {2010-10},
  journaltitle = {Journal of Multivariate Analysis},
  volume = {101},
  number = {9},
  pages = {2184--2199},
  doi = {10.1016/j.jmva.2010.04.016},
  keywords = {Landmark-based data,Multidimensional scaling,Persistence diagrams,Persistent homology,Shape analysis,Wasserstein distance}
}

@article{Ghrist2012,
  title = {Topological {{Landmark-Based Navigation}} and {{Mapping}}},
  author = {Ghrist, R. and Lipsky, D. and Derenick, J. and Speranzon, A.},
  date = {2012},
  url = {https://pdfs.semanticscholar.org/c9a2/2bd9ccba653f20b3526f429a39fdaaa5df9b.pdf}
}

@article{Ghrist2017,
  title = {Homological {{Algebra}} and {{Data}}},
  author = {Ghrist, Robert},
  date = {2017},
  url = {https://pdfs.semanticscholar.org/3d03/742173d4fb5ce5bff217264c708e417bf626.pdf}
}

@article{Goldberger2000,
  title = {{{PhysioBank}}, {{PhysioToolkit}}, and {{PhysioNet}}: {{Components}} of a {{New Research Resource}} for {{Complex Physiologic Signals}}},
  author = {Goldberger, Ary L. and Amaral, Luis A. N. and Glass, Leon and Hausdorff, Jeffrey M. and Ivanov, Plamen Ch. and Mark, Roger G. and Mietus, Joseph E. and Moody, George B. and Peng, Chung-Kang and Stanley, H. Eugene},
  date = {2000-06-13},
  journaltitle = {Circulation},
  volume = {101},
  number = {23},
  issn = {0009-7322, 1524-4539},
  doi = {10.1161/01.CIR.101.23.e215},
  langid = {english}
}

@software{Hester2020,
  title = {{{bench}}: {{High Precision Timing}} of {{R Expressions}}},
  author = {Hester, Jim},
  date = {2020},
  url = {https://CRAN.R-project.org/package=bench},
  version = {1.11.1}
}

@inproceedings{Hu2011,
  title = {Discovering the Intrinsic Cardinality and Dimensionality of Time Series Using {{MDL}}},
  booktitle = {Proceedings - {{IEEE International Conference}} on {{Data Mining}}, {{ICDM}}},
  author = {Hu, Bing and Rakthanmanon, Thanawin and Hao, Yuan and Evans, Scott and Lonardi, Stefano and Keogh, Eamonn},
  date = {2011},
  pages = {1086--1091},
  doi = {10.1109/ICDM.2011.54},
  isbn = {978-0-7695-4408-3},
  keywords = {Dimensionality reduction,MDL,Time series}
}

@article{Ivakhno2007,
  title = {Non-Linear Dimensionality Reduction of Signaling Networks},
  author = {Ivakhno, Sergii and Armstrong, J. Douglas},
  date = {2007-06-08},
  journaltitle = {BMC Syst Biol},
  volume = {1},
  number = {1},
  pages = {27},
  issn = {1752-0509},
  doi = {10.1186/1752-0509-1-27},
  langid = {english}
}

@article{Johnson2016a,
  title = {{{MIMIC-III}}, a Freely Accessible Critical Care Database},
  author = {Johnson, Alistair E.W. and Pollard, Tom J. and Shen, Lu and Lehman, Li-wei H. and Feng, Mengling and Ghassemi, Mohammad and Moody, Benjamin and Szolovits, Peter and Anthony Celi, Leo and Mark, Roger G.},
  date = {2016-12-20},
  journaltitle = {Scientific Data},
  volume = {3},
  number = {1},
  issn = {2052-4463},
  doi = {10.1038/sdata.2016.35},
  langid = {english}
}

@report{Johnston1976,
  title = {Similarity Indices {{I}}: What Do They Measure},
  author = {Johnston, J.W.},
  date = {1976},
  pages = {36},
  location = {{United States}},
  annotation = {BNWL--2152(Add1) INIS Reference Number: 8337829}
}

@incollection{Kachanovich2021,
  title = {Witness Complex},
  booktitle = {{{GUDHI User}} and {{Reference Manual}}},
  author = {Kachanovich, Siargey},
  date = {2021},
  edition = {3.4.1},
  publisher = {{GUDHI Editorial Board}},
  url = {https://gudhi.inria.fr/doc/3.4.1/group__witness__complex.html}
}

@article{Kelly1963,
  title = {Bitopological {{Spaces}}},
  author = {Kelly, J. C.},
  date = {1963},
  journaltitle = {Proceedings of the London Mathematical Society},
  volume = {s3-13},
  number = {1},
  pages = {71--89},
  issn = {1460-244X},
  doi = {10.1112/plms/s3-13.1.71},
  langid = {english},
  annotation = {\_eprint: https://onlinelibrary.wiley.com/doi/pdf/10.1112/plms/s3-13.1.71}
}

@article{Kerber2019,
  title = {Barcodes of {{Towers}} and a {{Streaming Algorithm}} for {{Persistent Homology}}},
  author = {Kerber, Michael and Schreiber, Hannah},
  date = {2019-06},
  journaltitle = {Discrete and Computational Geometry},
  volume = {61},
  number = {4},
  pages = {852--879},
  doi = {10.1007/s00454-018-0030-0},
  keywords = {Matrix reduction,Persistent homology,Simplicial approximation,Streaming algorithms,Topological data analysis}
}

@unpublished{Konstorum2018,
  title = {Comparative {{Analysis}} of {{Linear}} and {{Nonlinear Dimension Reduction Techniques}} on {{Mass Cytometry Data}}},
  author = {Konstorum, Anna and Jekel, Nathan and Vidal, Emily and Laubenbacher, Reinhard},
  date = {2018-03-01},
  doi = {10.1101/273862},
  howpublished = {preprint},
  langid = {english}
}

@article{Lee2015,
  title = {Personalized {{Mortality Prediction Driven}} by {{Electronic Medical Data}} and a {{Patient Similarity Metric}}},
  author = {Lee, Joon and Maslove, David M. and Dubin, Joel A.},
  editor = {Emmert-Streib, Frank},
  date = {2015-05-15},
  journaltitle = {PLOS ONE},
  volume = {10},
  number = {5},
  pages = {e0127428},
  issn = {1932-6203},
  doi = {10.1371/journal.pone.0127428},
  langid = {english}
}

@article{Lin2007,
  title = {Experiencing {{SAX}}: {{A}} Novel Symbolic Representation of Time Series},
  author = {Lin, Jessica and Keogh, Eamonn and Wei, Li and Lonardi, Stefano},
  date = {2007-10},
  journaltitle = {Data Mining and Knowledge Discovery},
  volume = {15},
  number = {2},
  pages = {107--144},
  doi = {10.1007/s10618-007-0064-z},
  keywords = {Data mining,Discretize,Symbolic representation,Time series}
}

@incollection{Maria2021,
  title = {Rips Complex},
  booktitle = {{{GUDHI User}} and {{Reference Manual}}},
  author = {Maria, Clément and Dłotko, Paweł and Rouvreau, Vincent and Glisse, Marc},
  date = {2021},
  edition = {3.4.1},
  publisher = {{GUDHI Editorial Board}},
  url = {https://gudhi.inria.fr/doc/3.4.1/group__rips__complex.html}
}

@article{Memoli2019,
  title = {A {{Primer}} on {{Persistent Homology}} of {{Finite Metric Spaces}}},
  author = {Mémoli, Facundo and Singhal, Kritika},
  date = {2019-07},
  journaltitle = {Bulletin of Mathematical Biology},
  volume = {81},
  number = {7},
  pages = {2074--2116},
  doi = {10.1007/s11538-019-00614-z},
  keywords = {Finite metric spaces,Persistence diagrams,Simplicial homology}
}

@software{Meyer2021,
  title = {{{proxy}}: {{Distance}} and {{Similarity Measures}}},
  author = {Meyer, David and Buchta, Christian},
  date = {2021},
  url = {https://CRAN.R-project.org/package=proxy},
  version = {0.4-25}
}

@article{MicciBarreca2001,
  title = {A Preprocessing Scheme for High-Cardinality Categorical Attributes in Classification and Prediction Problems},
  author = {Micci-Barreca, Daniele},
  date = {2001-07},
  journaltitle = {ACM SIGKDD Explorations Newsletter},
  volume = {3},
  number = {1},
  pages = {27--27},
  doi = {10.1145/507533.507538}
}

@article{Otter2017,
  title = {A Roadmap for the Computation of Persistent Homology},
  author = {Otter, Nina and Porter, Mason A and Tillmann, Ulrike and Grindrod, Peter and Harrington, Heather A},
  date = {2017-12},
  journaltitle = {EPJ Data Science},
  volume = {6},
  number = {1},
  pages = {17--17},
  doi = {10.1140/epjds/s13688-017-0109-5}
}

@article{Park2006,
  title = {New Knowledge Extraction Technique Using Probability for Case-Based Reasoning: Application to Medical Diagnosis},
  author = {Park, Yoon-Joo and Kim, Byung-Chun and Chun, Se-Hak},
  date = {2006-02},
  journaltitle = {Expert Systems},
  volume = {23},
  number = {1},
  pages = {2--20},
  issn = {0266-4720, 1468-0394},
  doi = {10.1111/j.1468-0394.2006.00321.x},
  langid = {english}
}

@article{Pattanaik2006,
  title = {Ordinal {{Distance}}, {{Dominance}}, and the {{Measurement}} of {{Diversity}}},
  author = {Pattanaik, Prasanta K. and Xu, Yongsheng},
  date = {2006},
  series = {Andrew {{Young School}} of {{Policy Studies}}},
  doi = {10.2139/ssrn.905912}
}

@incollection{Pattanaik2008,
  title = {Ordinal {{Distance}}, {{Dominance}}, and the {{Measurement}} of {{Diversity}}},
  booktitle = {Rational {{Choice}} and {{Social Welfare}}: {{Theory}} and {{Applications Essays}} in {{Honor}} of {{Kotaro Suzumura}}},
  author = {Pattanaik, Prasanta K. and Xu, Yongsheng},
  editor = {Pattanaik, Prasanta K. and Tadenuma, Koichi and Xu, Yongsheng and Yoshihara, Naoki},
  date = {2008},
  pages = {259--269},
  publisher = {{Springer, Berlin, Heidelberg}},
  doi = {10.1007/978-3-540-79832-3_14}
}

@software{Piekenbrock2020,
  title = {{{simplextree}}: {{Provides Tools}} for {{Working}} with {{General Simplicial Complexes}}},
  author = {Piekenbrock, Matt},
  date = {2020-08-25},
  url = {https://github.com/peekxc/simplextree/},
  version = {1.0.1}
}

@incollection{Refaat2010,
  title = {Cardinality {{Reduction}}},
  booktitle = {Data {{Preparation}} for {{Data Mining Using SAS}}},
  author = {Refaat, Mamdouh},
  date = {2010},
  pages = {142--157},
  publisher = {{Elsevier}},
  url = {https://books.google.com/books?id=FkH9gjihLqMC},
  isbn = {0-08-049100-6}
}

@article{Reutlinger2012,
  title = {Nonlinear Dimensionality Reduction and Mapping of Compound Libraries for Drug Discovery},
  author = {Reutlinger, Michael and Schneider, Gisbert},
  date = {2012-04-01},
  journaltitle = {Journal of Molecular Graphics and Modelling},
  volume = {34},
  pages = {108--117},
  issn = {1093-3263},
  doi = {10.1016/j.jmgm.2011.12.006},
  langid = {english}
}

@article{Rieck2015,
  title = {Persistent {{Homology}} for the {{Evaluation}} of {{Dimensionality Reduction Schemes}}},
  author = {Rieck, B. and Leitte, H.},
  date = {2015},
  journaltitle = {Computer Graphics Forum},
  volume = {34},
  number = {3},
  pages = {431--440},
  issn = {1467-8659},
  doi = {10.1111/cgf.12655},
  langid = {english},
  annotation = {\_eprint: https://onlinelibrary.wiley.com/doi/pdf/10.1111/cgf.12655}
}

@article{Robinson2017,
  title = {Hypothesis Testing for Topological Data Analysis},
  author = {Robinson, Andrew and Turner, Katharine},
  date = {2017-12},
  journaltitle = {Journal of Applied and Computational Topology},
  volume = {1},
  number = {2},
  pages = {241--261},
  doi = {10.1007/s41468-017-0008-7}
}

@incollection{Rouvreau2021,
  title = {Alpha Complex},
  booktitle = {{{GUDHI User}} and {{Reference Manual}}},
  author = {Rouvreau, Vincent},
  date = {2021},
  edition = {3.4.1},
  publisher = {{GUDHI Editorial Board}},
  url = {https://gudhi.inria.fr/doc/3.4.1/group__alpha__complex.html}
}

@inproceedings{Singh2007,
  title = {Topological {{Methods}} for the {{Analysis}} of {{High Dimensional Data Sets}} and {{3D Object Recognition}}},
  booktitle = {Eurographics {{Symposium}} on {{Point-Based Graphics}}},
  author = {Singh, Gurjeet and Mémoli, Facundo and Carlsson, Gunner},
  editor = {Botsch, M. and Pajarola, R. and Chen, B. and Zwicker, M.},
  date = {2007},
  publisher = {{The Eurographics Association}},
  doi = {10.2312/SPBG/SPBG07/091-100}
}

@article{Singh2008,
  title = {Topological Analysis of Population Activity in Visual Cortex},
  author = {Singh, Gurjeet and Memoli, Facundo and Ishkhanov, Tigran and Sapiro, Guillermo and Carlsson, Gunnar and Ringach, Dario L.},
  date = {2008-06},
  journaltitle = {Journal of Vision},
  volume = {8},
  number = {8},
  pages = {11--11},
  doi = {10.1167/8.8.11},
  keywords = {Betti numbers,Computational topology,High dimensional data,Natural images,Persistent homology,Population coding,Spontaneous activity}
}

@article{Skaf2022,
  title = {Topological Data Analysis in Biomedicine: {{A}} Review},
  author = {Skaf, Yara and Laubenbacher, Reinhard},
  date = {2022-06-01},
  journaltitle = {Journal of Biomedical Informatics},
  volume = {130},
  pages = {104082},
  issn = {1532-0464},
  doi = {10.1016/j.jbi.2022.104082},
  langid = {english}
}

@misc{Skraba2021,
  title = {Wasserstein {{Stability}} for {{Persistence Diagrams}}},
  author = {Skraba, Primoz and Turner, Katharine},
  date = {2021-03-04},
  eprint = {2006.16824},
  eprinttype = {arxiv},
  publisher = {{arXiv}},
  doi = {10.48550/arXiv.2006.16824},
  archiveprefix = {arXiv}
}

@article{Viswanath2017,
  title = {Dimensionality Reduction-Based Fusion Approaches for Imaging and Non-Imaging Biomedical Data: Concepts, Workflow, and Use-Cases},
  author = {Viswanath, Satish E. and Tiwari, Pallavi and Lee, George and Madabhushi, Anant and {for the Alzheimer’s Disease Neuroimaging Initiative}},
  date = {2017-01-05},
  journaltitle = {BMC Med Imaging},
  volume = {17},
  number = {1},
  pages = {2},
  issn = {1471-2342},
  doi = {10.1186/s12880-016-0172-6},
  langid = {english}
}

@article{Wang2007,
  title = {On Fuzzy Cluster Validity Indices},
  author = {Wang, Weina and Zhang, Yunjie},
  date = {2007-10},
  journaltitle = {Fuzzy Sets and Systems},
  volume = {158},
  number = {19},
  pages = {2095--2117},
  issn = {01650114},
  doi = {10.1016/j.fss.2007.03.004},
  langid = {english}
}

@online{Yang2022,
  title = {{{STAT}} and {{MIT}} Rooted out the Weaknesses in Health Care Algorithms. {{Here}}'s How We Did It},
  author = {Yang, Janice and Karstens, Ludvig and Ross, Casey and Yala, Adam},
  date = {2022-02-28T09:35:20+00:00},
  url = {https://www.statnews.com/2022/02/28/data-drift-machine-learning/},
  langid = {american},
  organization = {{STAT}}
}

@misc{Yoon2020,
  title = {Persistence by {{Parts}}: {{Multiscale Feature Detection}} via {{Distributed Persistent Homology}}},
  author = {Yoon, Hee Rhang and Ghrist, Robert},
  date = {2020-01-06},
  eprint = {2001.01623},
  eprinttype = {arxiv},
  publisher = {{arXiv}},
  doi = {10.48550/arXiv.2001.01623},
  archiveprefix = {arXiv}
}

@article{Zhong2020,
  title = {Clustering Datasets with Demographics and Diagnosis Codes},
  author = {Zhong, Haodi and Loukides, Grigorios and Gwadera, Robert},
  date = {2020-02-01},
  journaltitle = {Journal of Biomedical Informatics},
  volume = {102},
  pages = {103360},
  issn = {1532-0464},
  doi = {10.1016/j.jbi.2019.103360},
  keywords = {Clustering,Demographics,Diagnosis codes,Pattern mining}
}


